@inproceedings{Elastic,
    author = {Bergman, Aran and Cidon, Israel and Keslassy, Issac and Markuze,Alex and and Zohar, Eyal 
                and Venugopal, Prashanth},
    title = {Elastic Corporate WAN as a Service over Public Clouds},
    booktitle = {RADIO'18},
    year = {2018},
    publisher = {VMware}
}

@inproceedings{CDD,
    author = { Bergman,Aran and Cidon, Israel and  Keslassy, Issac and  Rotman, Noga and  Schapira, Michael
            and  Zohar, Eyal},
    title = {Cloudified Data Delivery: Itâ€™s All About the Congestion Control!},
    booktitle = {RADIO'18},
    year = {2018},
    publisher = {VMware}
}
@inproceedings{Damn,
  title={DAMN: Overhead-Free IOMMU Protection for Networking},
  author={Markuze, Alex and Smolyar, Igor and Morrison, Adam and Tsafrir, Dan},
  booktitle={Proceedings of the Twenty-Third International Conference on Architectural Support for Programming Languages and Operating Systems},
  pages={301--315},
  year={2018},
  organization={ACM}
}

@misc{Akamai_Radio,
    title = {Akamai Technologies},
    howpublished = "\url{http://www.akamai.com/dl/feature_sheets/fs edgesuite_sureroute.pdf}",
    key = {z-Akamai Technologies}
}